@book{koller2009probabilistic,
author = {Koller, Daphne and Friedman, Nir},
publisher = {MIT Press},
title = {{Probabilistic Graphical Models: Principles and Techniques}},
year = {2009}
}
